@article{jba2011,
    author    = "Jbabdi, Saad and Johansen-Berg, Heidi",
	title     = "Tractography: Where Do We Go from Here?",
	journal   = "Brain Connect",
	year      = "2011",
	pages     = "169--183"
}

@article{garyfallidis,
    author    = "Garyfallidis, Eleftherios and Cote, Mark-Alexandre and Rehault, Francois and Sidhu, Jasmine and Hau, Janice and Petit, Laurent and Fortin, David and Cunanne, Stephen and Descoteaux, Maxime",
	title     = "Recognition of white matter bundles using local and global streamline-based registration and clustering",
	journal   = "NeuroImage",
	year      = "2018",
	pages     = "283--295",
}

@article{johansenm,
    author    = "Johansen-Berg, Heidi and Behrens, Timothy E. J.",
	title     = "Just pretty pictures? What diffusion tractography can add in clinical neuroscience.",
	journal   = "Current Opinions in Neurology",
	year      = "2011",
	pages     = "379--385"
}

@article{kreilkamp,
    author    = "Kreilkamp, Barbara A.K. and Webber, Bernd and Richardson, Mark P and Keller, Simon S",
	title     = "Automated tractography in patients with temporal lobe epilepsy using TRActs Constrained by UnderLying Anatomy (TRACULA)",
	journal   = "NeuroImage",
	year      = "2017",
	pages     = "67--76"
}

@article{odonnell,
    author    = "O'Donnell, Lauren J and Westin, Carl-Frederik",
	title     = "Automatic Tractography Segmentation Using a High-Dimensional White Matter Atlas",
	journal   = "IEEE Transactions on Medical Imaging",
	year      = "2007",
	pages     = "1562--1575"
}

@article{taha,
	author    = "Taha, Abdel Aziz and Hanbury, Allan",
    title    = "Metrics for evaluating 3D medical image segmentation: analysis, selection, and tool",
	journal   = "BMC Medical Imaging",
	year      = "2015",
	pages     = "15--29"
}
@article{wasserman,
	author    = "Wasserman, Demian and Makris, Nikos and Rathi, Yogesh and Shenton, Martha and Kikinis, Ron and Kubicki, Marek and Westin, Carl-Frederik",
    title    = "The white matter query language: a novel approach for describing human white matter anatomy",
	journal   = "Brain Structures and Function",
	year      = "2016",
	pages     = "4705--4721"
}
@article{wasserthal,
	author    = "Wasserthal, Jakob and Neher, Peter and Maier-Hein, Klaus H.",
    title    = "TractSeg - Fast and accurate white matter tract segmentation.",
	journal   = "NeuroImage",
	year      = "2016",
	pages     = "239--253"
}
	
@article{zhang,
    author    = "Zhang, Dongyang and Snyder, Abraham Z and Shimony, Joshua S and Fox, Michael D and Raichle, Marcus E",
	title     = "Noninvasive Functional and Structural Connectivity Mapping of the Human Thalamocortical System ",
	journal   = "Cerebral Cortex",
	year      = "2009",
	pages     = "1187-1194"
}
@article{vanessen,
    author    = "Van Essen ,David C and Smith, Stephen M. and Barch, Deanna M. and Behrens, Timothy E.J. and Yacoub, Essa and Ugurbil, Kamil",
	title     = "The WU-Minn Human Connectome Project: An overview",
	journal   = "NeuroImage",
	year       = "2013",
	pages     = "62--79"
}
@article{sporns,
	author    = "Sporns, Olaf and Tononi, Giulio and Kötter, Rolf",
	title     = "The Human Connectome: A Structural Description of the Human Brain",
	journal   = "PLoS Comput Biol",
	year      = "2005"
}

@article{farq2013,
    author    = "Farquharson S and Tournier JD and Calamante F and Fabinyi G and Schneider-Kolsky M and Jackson GD and Connelly A.",
	title     = "White matter fiber tractography: why we need to move beyond DTI",
    journal   = "Journal of Neurosurgery",
	year      = "2013"
}
@article{sot2013,
    author    = "Sotiropoulos, S. N. and Jbabdi, S. and Xu, J. and Andersson, J. L. and Moeller, S. and Auerbach, E. J. and Glasser, M. F. and Hernandez, M. and Sapiro, G. and Jenkinson, M. and Feinberg, D. A. and Yacoub, E. and Lenglet, C. and Van Essen, D. C. and Ugurbil, K. and Behrens, T.E.J.",
	title     = "Advances in diffusion MRI acquisition and processing in the Human Connectome Project",
	journal   = "NeuroImage",
	year      = "2013",
	pages     = "125-143"
}
@article{biswal2013,
    author    = "Biswal, Bharat B.",
	title     = "Toward discovery science of human brain function",
	journal   = "PNAS",
	year      = "2010",
	pages     = "4734-4739"
}
@article{salvatore,
    author    = "Salvatore, C. and Cerasa, A. and Castiglioni, I. and Gallivanone, F. and Augimeri, A. and Lopez, M. and Arabia, G. and Morelli, M. and Gilardi, M. C. and Quatrone, A.",
	title     = "Machine learning on brain MRI data for differential diagnosis of Parkinson's disease and Progressive Supranuclear Palsy",
	journal   = "Clinical Neuroscience",
	year      = "2014",
	pages     = "230-237"
}
@article {daffau,
    author    = "Daffau, Hafues",
	title     = "Neurobiology of Language",
	year      = "2016",
	publisher = "Academic Press",
	pages     = "129-137"
}
	
@article {levman,
	author	  = "Levman, Jacob and Fang, Zihang and Zumwalt, Katarina and Cogger, Liam and Vasung, Lana  and MacDonald, Patrick  and Lim, Ashley  and Takahashi, Emi",
	title     = "Asymmetric Insular Connectomics in a Pediatric Population: A Clinical Diffusion Magnetic Resonance Imaging Analysis of Healthy Development",
	year      = "2018",
	journal   = "In review at Brain Connectivity"
}
	